<record><leader>00000cas a2200000 a 4500</leader><controlfield tag="001">11125940</controlfield><controlfield tag="008">840906d187u1885kyuwr ne      0    0eng d</controlfield><datafield ind1=" " ind2=" " tag="010"><subfield code="a">sn 84037923 </subfield></datafield><datafield ind1=" " ind2=" " tag="040"><subfield code="a">AQM</subfield><subfield code="b">eng</subfield><subfield code="c">AQM</subfield><subfield code="d">NPX</subfield><subfield code="d">NPU</subfield><subfield code="d">NPX</subfield><subfield code="d">KNP</subfield><subfield code="d">OCL</subfield><subfield code="d">OCLCQ</subfield></datafield><datafield ind1=" " ind2=" " tag="042"><subfield code="a">msc</subfield></datafield><datafield ind1="0" ind2=" " tag="130"><subfield code="a">Henderson weekly reporter (Henderson, Ky.)</subfield></datafield><datafield ind1="1" ind2="4" tag="245"><subfield code="a">The Henderson weekly reporter.</subfield></datafield><datafield ind1="3" ind2="0" tag="246"><subfield code="a">Henderson reporter</subfield></datafield><datafield ind1=" " ind2=" " tag="260"><subfield code="a">Henderson, Ky. :</subfield><subfield code="b">Spidel &amp; Staples</subfield></datafield><datafield ind1=" " ind2=" " tag="300"><subfield code="a">v. :</subfield><subfield code="b">ill. (chiefly advertisements) ;</subfield><subfield code="c">72 cm.</subfield></datafield><datafield ind1=" " ind2=" " tag="310"><subfield code="a">Weekly</subfield></datafield><datafield ind1="1" ind2=" " tag="362"><subfield code="a">Ceased in 1885?</subfield></datafield><datafield ind1=" " ind2=" " tag="500"><subfield code="a">Publishers: Spidel &amp; Miller, &lt;1876&gt;.</subfield></datafield><datafield ind1=" " ind2=" " tag="500"><subfield code="a">Published every Thursday.</subfield></datafield><datafield ind1=" " ind2=" " tag="500"><subfield code="a">"Democratic," &lt;1876&gt;.</subfield></datafield><datafield ind1=" " ind2=" " tag="500"><subfield code="a">Published as: Henderson reporter, &lt;Jan. 15-Sept. 2, 1880&gt;.</subfield></datafield><datafield ind1=" " ind2=" " tag="500"><subfield code="a">Editor: J.S. Spidel, &lt;1876&gt;.</subfield></datafield><datafield ind1=" " ind2=" " tag="588"><subfield code="a">Description based on: Vol. 20, no. 26 (Feb. 20, 1873).</subfield></datafield><datafield ind1=" " ind2="4" tag="651"><subfield code="a">Henderson (Ky.)</subfield><subfield code="v">Newspapers.</subfield></datafield><datafield ind1=" " ind2="4" tag="651"><subfield code="a">Henderson County (Ky.)</subfield><subfield code="v">Newspapers.</subfield></datafield><datafield ind1=" " ind2=" " tag="752"><subfield code="a">United States</subfield><subfield code="b">Kentucky</subfield><subfield code="c">Henderson</subfield><subfield code="d">Henderson.</subfield></datafield><datafield ind1="0" ind2=" " tag="775"><subfield code="t">Henderson semi-weekly reporter</subfield><subfield code="w">(DLC)sn 86069410</subfield></datafield><datafield ind1="1" ind2=" " tag="029"><subfield code="a">AU@</subfield><subfield code="b">000020340626</subfield></datafield></record>